%%============================================================================
@inProceedings{NorthropEtAl_NSExtremes,
   author = {Paul J. Northrop and Philip Jonathan and David Randell},
   year = "2016",
   title = "{Threshold Modelling of Non-Stationary Extremes}",
   booktitle = "{Extreme Value Modeling and Risk Analysis}",
   publisher = "{Chapman \& Hall}",
   editor = "Dey, D.K. and Yan, J."
   }
%%============================================================================
@article{DavisonSmith_POT,
   title   = "{Models for Exceedances over High Thresholds}",
   author  = {Anthony C. Davison and Richard L. Smith},
   journal = "J.R. Statist. Soc. B",
   volume  = "52",
   number  = "3",
   year    = "1990", 
   pages   = "393-442"}
%%============================================================================
@book{Coles_ISMEV,
   author  = {Stuart Coles},
   title   = "{An Introduction to Statistical Modelling of Extreme Values}",
   publisher = {Springer},
   year    = {2001}
}
%% ===========================================================================
@Manual{pack_evir,
    title = {\pkg{evir}: Extreme Values in R},
    author = {Bernhard Pfaff and Alexander McNeil},
    year = {2018},
    note = {R package version 1.7-4},
    url = {https://CRAN.R-project.org/package=evir},
  }
%% ===========================================================================
@article{pack_evd,
    title = {\pkg{evd}: Extreme Value Distributions},
    author = {Stephenson, Alec G.},
    journal = {R News},
    year = {2002},
    volume = {2},
    number = {2},
    pages = {0},
    month = {June},
    url = {https://CRAN.R-project.org/doc/Rnews/},
  }
%% ===========================================================================  
@Manual{pack_ismev,
    title = {\pkg{ismev}: An Introduction to Statistical Modeling of
                  Extreme Values},
    author = {Stephenson, Alec G. and Heffernan, Janet E.},
    year = {2018},
    note = {R package version 1.42},
    url = {https://CRAN.R-project.org/package=ismev},
  }
%% ===========================================================================
@Manual{pack_Renext,
    title = {\pkg{Renext}: Renewal Method for Extreme Values Extrapolation},
    author = {Deville, Yves and {IRSN}},
    year = {2022},
    note = {R package version 3.1-3},
  }
%% ===========================================================================  
@Manual{pack_POT,
    title = {\pkg{POT}: Generalized Pareto Distribution and Peaks Over Threshold},
    author = {Ribatet, Mathieu and Dutang, Christophe},
    year = {2022},
    note = {R package version 1.1-10},
    url = {https://CRAN.R-project.org/package=POT},
  }
%% ===========================================================================
@Manual{pack_SpatialExtremes,
    title = {\pkg{SpatialExtremes}: Modelling Spatial Extremes},
    author = {Ribatet, Mathieu},
    year = {2022},
    note = {R package version 2.1-0},
    url = {https://CRAN.R-project.org/package=SpatialExtremes},
  }
%% ===========================================================================  
@Manual{pack_revdbayes,
    title = "{\pkg{revdbayes}: Ratio-of-Uniforms Sampling for Bayesian
                  Extreme Value Analysis}",
    author = {Northrop, Paul J.},
    year = {2022},
    note = {R package version 1.4.9},
    url = {https://CRAN.R-project.org/package=revdbayes},
}
%% ===========================================================================
@Manual{pack_mev,
    title = "{\pkg{mev}: Modelling Extreme Values}",
    author = {Belzile, Leo and Wadworth, Jennifer L. and
     Northrop, Paul J. and  Grimshaw, Scott D. and Zhang Jin and
     Stephens Michael A. and Owen, Art B. and Huser, Rapahel},
    year = {2022},
    url = {https://CRAN.R-project.org/package=mev},
    note = {R package version 1.14},
}
%% =============================================================================
@Misc{TV_ExtremeValue,
     author = {Dutang, Christophe},
     note = {Version~2022-08-04},
     title = "{{CRAN} Task View: Extreme Value Analysis}",
     year = {2022},
     url = {https://cran.r-project.org/web/views/ExtremeValue.html}
}
%% =============================================================================
@Article{pack_extRemes,
    title = "{\pkg{extRemes} 2.0: An Extreme Value Analysis Package in {R}}",
    author = {Gilleland, Eric and Katz, Richard W.},
    journal = {Journal of Statistical Software},
    year = {2016},
    volume = {72},
    number = {8},
    pages = {1--39},
    doi = {10.18637/jss.v072.i08},
  }
%% ===========================================================================  
@Misc{Maxima,
    author = {Maxima},
    year = {2022},
    title = {\pkg{Maxima}, a Computer Algebra System.  Version 5.46.0},
    address = {https://maxima.sourceforge.io/},
    url = {https://maxima.sourceforge.io/},
    owner = {maxima},
    timestamp = {2022.04.13}
}